 @article{arriaga-mackenzie_matesi_chen_ronco_marker_hall_scherenberg_khajeh-sharafabadi_wu_gignoux_et al._2021, title={Summix: A method for detecting and adjusting for population structure in genetic summary data}, volume={108}, DOI={10.1016/j.ajhg.2021.05.016}, number={7}, journal={The American Journal of Human Genetics}, author={Arriaga-MacKenzie, Ian S. and Matesi, Gregory and Chen, Samuel and Ronco, Alexandria and Marker, Katie M. and Hall, Jordan R. and Scherenberg, Ryan and Khajeh-Sharafabadi, Mobin and Wu, Yinfei and Gignoux, Christopher R. and et al.}, year={2021}, month={Jul}, pages={1270â€“1282}} 